<?xml version="1.0" encoding="UTF-8"?><record xmlns="http://www.loc.gov/MARC21/slim" xmlns:cinclude="http://apache.org/cocoon/include/1.0" xmlns:zs="http://www.loc.gov/zing/srw/">
  <leader>00835cz  a2200157n  4500</leader>
  <controlfield tag="001">no 99015180 </controlfield>
  <controlfield tag="003">DLC</controlfield>
  <controlfield tag="005">20130316100418.0</controlfield>
  <controlfield tag="008">990303n| azannaabn          |b ana     c</controlfield>
  <datafield tag="010" ind1=" " ind2=" ">
    <subfield code="a">no 99015180 </subfield>
  </datafield>
  <datafield tag="035" ind1=" " ind2=" ">
    <subfield code="a">(OCoLC)oca04933629</subfield>
  </datafield>
  <datafield tag="040" ind1=" " ind2=" ">
    <subfield code="a">O</subfield>
    <subfield code="b">eng</subfield>
    <subfield code="e">rda</subfield>
    <subfield code="c">O</subfield>
    <subfield code="d">DLC</subfield>
  </datafield>
  <datafield tag="110" ind1="1" ind2=" ">
    <subfield code="a">Ohio.</subfield>
    <subfield code="b">Department of Transportation.</subfield>
    <subfield code="b">Division of Multi-Modal Planning and Programs.</subfield>
    <subfield code="b">Office of Technical Services</subfield>
  </datafield>
  <datafield tag="410" ind1="1" ind2=" ">
    <subfield code="w">nnea</subfield>
    <subfield code="a">Ohio.</subfield>
    <subfield code="b">Dept. of Transportation.</subfield>
    <subfield code="b">Division of Multi-Modal Planning and Programs.</subfield>
    <subfield code="b">Office of Technical Services</subfield>
  </datafield>
  <datafield tag="510" ind1="1" ind2=" ">
    <subfield code="w">r</subfield>
    <subfield code="i">Hierarchical superior:</subfield>
    <subfield code="a">Ohio.</subfield>
    <subfield code="b">Department of Transportation.</subfield>
    <subfield code="b">Division of Multi-Modal Planning and Programs</subfield>
  </datafield>
  <datafield tag="670" ind1=" " ind2=" ">
    <subfield code="a">Origin-dest. survey of US 24/Ohio Turnpike corridor ... 1997:</subfield>
    <subfield code="b">t.p. (Ohio Department of Transportation, Division of Multimodal Planning and Programs, Office of Technical Services)</subfield>
  </datafield>
</record>